%Noticias, reportes de bugs
@misc{bibliography.bugs.boeing,
	author	= {Federal Aviation Administration (FAA)},
	title	= {Airworthiness Directives; The Boeing Company Airplanes},
	month	= {1},
	year	= {2015},
	howpublished = {\url{https://www.federalregister.gov/documents/2015/05/01/2015-10066/airworthiness-directives-the-boeing-company-airplanes}},
	note	= {Document citation: 80 FR 24789; CFR: 14 CFR 39; Document Number: 2015-10066; RIN: 2120-AA64}
}

@article{bibliography.bugs.Therac25LevesonT93,
	author    = {Nancy G. Leveson and
	Clark Savage Turner},
	title     = {Investigation of the Therac-25 Accidents},
	journal   = {{IEEE} Computer},
	volume    = {26},
	number    = {7},
	pages     = {18--41},
	year      = {1993},
	url       = {https://doi.org/10.1109/MC.1993.274940},
	doi       = {10.1109/MC.1993.274940},
	timestamp = {Wed, 14 Nov 2018 10:13:32 +0100},
	biburl    = {https://dblp.org/rec/bib/journals/computer/LevesonT93},
	bibsource = {dblp computer science bibliography, https://dblp.org}
}

%PRINCIPALES

@article{bibliography.mutation.DeMillo,
	author    = {Richard A. DeMillo and
	Richard J. Lipton and
	Frederick G. Sayward},
	title     = {Hints on Test Data Selection: Help for the Practicing Programmer},
	journal   = {{IEEE} Computer},
	volume    = {11},
	number    = {4},
	pages     = {34--41},
	year      = {1978},
	url       = {https://doi.org/10.1109/C-M.1978.218136},
	doi       = {10.1109/C-M.1978.218136},
	timestamp = {Wed, 17 May 2017 10:56:41 +0200},
	biburl    = {https://dblp.org/rec/bib/journals/computer/DeMilloLS78},
	bibsource = {dblp computer science bibliography, https://dblp.org}
}

@article{bibliography.mutation.mutation-testing-survey,
	author    = {Yue Jia and
	Mark Harman},
	title     = {An Analysis and Survey of the Development of Mutation Testing},
	journal   = {{IEEE} Trans. Software Eng.},
	volume    = {37},
	number    = {5},
	pages     = {649--678},
	year      = {2011},
	url       = {https://doi.org/10.1109/TSE.2010.62},
	doi       = {10.1109/TSE.2010.62},
	timestamp = {Fri, 09 Jun 2017 11:03:33 +0200},
	biburl    = {https://dblp.org/rec/bib/journals/tse/JiaH11},
	bibsource = {dblp computer science bibliography, https://dblp.org}
}

@inproceedings{bibliography.misc.JMLRAC.LeavensCCRC02,
	author    = {Gary T. Leavens and
	Yoonsik Cheon and
	Curtis Clifton and
	Clyde Ruby and
	David R. Cok},
	title     = {How the Design of {JML} Accomodates Both Runtime Assertion Checking
	and Formal Verification},
	booktitle = {Formal Methods for Components and Objects, First International Symposium,
	{FMCO} 2002, Leiden, The Netherlands, November 5-8, 2002, Revised
	Lectures},
	pages     = {262--284},
	year      = {2002},
	crossref  = {DBLP:conf/fmco/2002},
	url       = {https://doi.org/10.1007/978-3-540-39656-7\_11},
	doi       = {10.1007/978-3-540-39656-7\_11},
	timestamp = {Mon, 29 May 2017 16:53:44 +0200},
	biburl    = {https://dblp.org/rec/bib/conf/fmco/LeavensCCRC02},
	bibsource = {dblp computer science bibliography, https://dblp.org}
}

%MUTATION TESTING (tools)

@article{bibliography.mutation.tools.muJavaMaOK05,
	author    = {Yu{-}Seung Ma and
	Jeff Offutt and
	Yong Rae Kwon},
	title     = {MuJava: an automated class mutation system},
	journal   = {Softw. Test., Verif. Reliab.},
	volume    = {15},
	number    = {2},
	pages     = {97--133},
	year      = {2005},
	url       = {https://doi.org/10.1002/stvr.308},
	doi       = {10.1002/stvr.308},
	timestamp = {Sun, 28 May 2017 13:23:53 +0200},
	biburl    = {https://dblp.org/rec/bib/journals/stvr/MaOK05},
	bibsource = {dblp computer science bibliography, https://dblp.org}
}

@article{bibliography.mutation.tools.TACOGaleottiRPF13,
	author    = {Juan P. Galeotti and
	Nicol{\'{a}}s Rosner and
	Carlos Gustavo L{\'{o}}pez Pombo and
	Marcelo F. Frias},
	title     = {{TACO:} Efficient SAT-Based Bounded Verification Using Symmetry Breaking
	and Tight Bounds},
	journal   = {{IEEE} Trans. Software Eng.},
	volume    = {39},
	number    = {9},
	pages     = {1283--1307},
	year      = {2013},
	url       = {https://doi.org/10.1109/TSE.2013.15},
	doi       = {10.1109/TSE.2013.15},
	timestamp = {Fri, 02 Nov 2018 09:33:03 +0100},
	biburl    = {https://dblp.org/rec/bib/journals/tse/GaleottiRPF13},
	bibsource = {dblp computer science bibliography, https://dblp.org}
}

@manual{muJavaMOPS,
	title  = {Description of muJavaâ€™s Method-level Mutation Operators},
	author = {Yu-Seung Ma and
	Jeff Offutt and
	},
	url    = {https://cs.gmu.edu/~offutt/mujava/mutopsMethod.pdf},
	year   = {2016 (accessed November 10, 2018)}
}

@manual{muJavaCOPS,
	title	= {Description of Class Mutation Operators for Java},
	author	= {Yu-Seung Ma and
	Jeff Offutt},
	url		= {https://cs.gmu.edu/~offutt/mujava/mutopsClass.pdf},
	year	= {2014 (accessed November 10, 2018)}
}

@inproceedings{bibliography.mutation.class-level-ops,
	title={Class Mutation : Mutation Testing for Object-Oriented Programs},
	author={Sunwoo Kim and John A. Clark and John A. McDermid},
	year={2000}
}

%MUTATION TESTING (definitions, operators)

@inproceedings{bibliography.mutation.operators.beeBridaS17,
	author    = {Sim{\'{o}}n Guti{\'{e}}rrez Brida and
	Gast{\'{o}}n Scilingo},
	title     = {Boolean expression extender - {A} mutation operator for strengthening
	and weakening boolean expressions},
	booktitle = {2017 {XLIII} Latin American Computer Conference, {CLEI} 2017, C{\'{o}}rdoba,
	Argentina, September 4-8, 2017},
	pages     = {1--10},
	year      = {2017},
	crossref  = {DBLP:conf/clei/2017},
	url       = {https://doi.org/10.1109/CLEI.2017.8226471},
	doi       = {10.1109/CLEI.2017.8226471},
	timestamp = {Sat, 30 Dec 2017 18:19:56 +0100},
	biburl    = {https://dblp.org/rec/bib/conf/clei/BridaS17},
	bibsource = {dblp computer science bibliography, https://dblp.org}
}

@inproceedings{bibliography.mutation.definitions.fortranOffut87,
	author    = {A. Jefferson Offutt and
	K. N. King},
	title     = {A Fortran 77 interpreter for mutation analysis},
	booktitle = {Proceedings of the Symposium on Interpreters and Interpretive Techniques,
	1987, St. Paul, Minnesota, USA, June 24 - 26, 1987},
	pages     = {177--188},
	year      = {1987},
	crossref  = {DBLP:conf/pldi/1987},
	url       = {https://doi.org/10.1145/29650.29669},
	doi       = {10.1145/29650.29669},
	timestamp = {Tue, 06 Nov 2018 16:59:30 +0100},
	biburl    = {https://dblp.org/rec/bib/conf/pldi/OffuttK87},
	bibsource = {dblp computer science bibliography, https://dblp.org}
}

@article{bibliography.mutation.definitions.fortranKing91,
	author    = {K. N. King and
	A. Jefferson Offutt},
	title     = {A Fortran Language System for Mutation-based Software Testing},
	journal   = {Softw., Pract. Exper.},
	volume    = {21},
	number    = {7},
	pages     = {685--718},
	year      = {1991},
	url       = {https://doi.org/10.1002/spe.4380210704},
	doi       = {10.1002/spe.4380210704},
	timestamp = {Sun, 28 May 2017 13:24:00 +0200},
	biburl    = {https://dblp.org/rec/bib/journals/spe/KingO91},
	bibsource = {dblp computer science bibliography, https://dblp.org}
}

@inproceedings{bibliography.mutation.operators.MaKO02,
	author    = {Yu{-}Seung Ma and
	Yong Rae Kwon and
	Jeff Offutt},
	title     = {Inter-Class Mutation Operators for Java},
	booktitle = {13th International Symposium on Software Reliability Engineering {(ISSRE}
	2002), 12-15 November 2002, Annapolis, MD, {USA}},
	pages     = {352--366},
	year      = {2002},
	crossref  = {DBLP:conf/issre/2002},
	url       = {https://doi.org/10.1109/ISSRE.2002.1173287},
	doi       = {10.1109/ISSRE.2002.1173287},
	timestamp = {Thu, 25 May 2017 00:43:41 +0200},
	biburl    = {https://dblp.org/rec/bib/conf/issre/MaKO02},
	bibsource = {dblp computer science bibliography, https://dblp.org}
}

%EVALUACION DE MUTATION TESTING (coupling)

@inproceedings{bibliography.mutation.evaluation.coupling.Offutt89,
	author    = {A. Jefferson Offutt},
	title     = {The Coupling Effect: Fact or Fiction},
	booktitle = {Proceedings of the {ACM} {SIGSOFT} '89 Third Symposium on Testing,
	Analysis, and Verification, {TAV} 1989, Key West, Florida, USA, December
	13-15, 1989},
	pages     = {131--140},
	year      = {1989},
	crossref  = {DBLP:conf/issta/1989},
	url       = {https://doi.org/10.1145/75308.75324},
	doi       = {10.1145/75308.75324},
	timestamp = {Tue, 06 Nov 2018 16:57:30 +0100},
	biburl    = {https://dblp.org/rec/bib/conf/issta/Offutt89},
	bibsource = {dblp computer science bibliography, https://dblp.org}
}

@article{bibliography.mutation.evaluation.coupling.Offutt92,
	author    = {A. Jefferson Offutt},
	title     = {Investigations of the Software Testing Coupling Effect},
	journal   = {{ACM} Trans. Softw. Eng. Methodol.},
	volume    = {1},
	number    = {1},
	pages     = {5--20},
	year      = {1992},
	url       = {https://doi.org/10.1145/125489.125473},
	doi       = {10.1145/125489.125473},
	timestamp = {Tue, 06 Nov 2018 12:51:20 +0100},
	biburl    = {https://dblp.org/rec/bib/journals/tosem/Offutt92},
	bibsource = {dblp computer science bibliography, https://dblp.org}
}

@inproceedings{bibliography.mutation.evaluation.HAndrews05,
	author    = {James H. Andrews and
	Lionel C. Briand and
	Yvan Labiche},
	title     = {Is mutation an appropriate tool for testing experiments?},
	booktitle = {27th International Conference on Software Engineering {(ICSE} 2005),
	15-21 May 2005, St. Louis, Missouri, {USA}},
	pages     = {402--411},
	year      = {2005},
	crossref  = {DBLP:conf/icse/2005},
	url       = {https://doi.org/10.1145/1062455.1062530},
	doi       = {10.1145/1062455.1062530},
	timestamp = {Tue, 06 Nov 2018 11:06:56 +0100},
	biburl    = {https://dblp.org/rec/bib/conf/icse/AndrewsBL05},
	bibsource = {dblp computer science bibliography, https://dblp.org}
}

@inproceedings{bibliography.mutation.evaluation.valid-substitute,
	author    = {Ren{\'{e}} Just and
	Darioush Jalali and
	Laura Inozemtseva and
	Michael D. Ernst and
	Reid Holmes and
	Gordon Fraser},
	title     = {Are mutants a valid substitute for real faults in software testing?},
	booktitle = {Proceedings of the 22nd {ACM} {SIGSOFT} International Symposium on
	Foundations of Software Engineering, (FSE-22), Hong Kong, China, November
	16 - 22, 2014},
	pages     = {654--665},
	year      = {2014},
	crossref  = {DBLP:conf/sigsoft/2014},
	url       = {https://doi.org/10.1145/2635868.2635929},
	doi       = {10.1145/2635868.2635929},
	timestamp = {Tue, 06 Nov 2018 16:59:22 +0100},
	biburl    = {https://dblp.org/rec/bib/conf/sigsoft/JustJIEHF14},
	bibsource = {dblp computer science bibliography, https://dblp.org}
}

%EVALUATION OF MUTATION TESTING, GENERAL
@inproceedings{bibliography.mutation.evaluation.hardnessVisser,
	author    = {Willem Visser},
	title     = {What makes killing a mutant hard},
	booktitle = {Proceedings of the 31st {IEEE/ACM} International Conference on Automated
	Software Engineering, {ASE} 2016, Singapore, September 3-7, 2016},
	pages     = {39--44},
	year      = {2016},
	crossref  = {DBLP:conf/kbse/2016},
	url       = {https://doi.org/10.1145/2970276.2970345},
	doi       = {10.1145/2970276.2970345},
	timestamp = {Tue, 06 Nov 2018 16:58:23 +0100},
	biburl    = {https://dblp.org/rec/bib/conf/kbse/Visser16},
	bibsource = {dblp computer science bibliography, https://dblp.org}
}

@inproceedings{bibliography.mutation.evaluation.stubborn,
	author    = {Xiangjuan Yao and
	Mark Harman and
	Yue Jia},
	title     = {A study of equivalent and stubborn mutation operators using human
	analysis of equivalence},
	booktitle = {36th International Conference on Software Engineering, {ICSE} '14,
	Hyderabad, India - May 31 - June 07, 2014},
	pages     = {919--930},
	year      = {2014},
	crossref  = {DBLP:conf/icse/2014},
	url       = {https://doi.org/10.1145/2568225.2568265},
	doi       = {10.1145/2568225.2568265},
	timestamp = {Tue, 06 Nov 2018 11:06:55 +0100},
	biburl    = {https://dblp.org/rec/bib/conf/icse/YaoHJ14},
	bibsource = {dblp computer science bibliography, https://dblp.org}
}

%IMPROVEMENT OF MUTATION TESTING (selection, high order, subsumption)

@inproceedings{bibliography.mutation.efectiveness.dynamicsubsumption,
	author    = {Rahul Gopinath and
	Amin Alipour and
	Iftekhar Ahmed and
	Carlos Jensen and
	Alex Groce},
	title     = {Measuring Effectiveness of Mutant Sets},
	booktitle = {Ninth {IEEE} International Conference on Software Testing, Verification
	and Validation Workshops, {ICST} Workshops 2016, Chicago, IL, USA,
	April 11-15, 2016},
	pages     = {132--141},
	year      = {2016},
	crossref  = {DBLP:conf/icst/2016w},
	url       = {https://doi.org/10.1109/ICSTW.2016.45},
	doi       = {10.1109/ICSTW.2016.45},
	timestamp = {Sun, 09 Sep 2018 10:55:39 +0200},
	biburl    = {https://dblp.org/rec/bib/conf/icst/GopinathAAJG16},
	bibsource = {dblp computer science bibliography, https://dblp.org}
}

@inproceedings{bibliography.mutation.minimizing.dynamicsubsumption,
	author    = {Paul Ammann and
	M{\'{a}}rcio Eduardo Delamaro and
	Jeff Offutt},
	title     = {Establishing Theoretical Minimal Sets of Mutants},
	booktitle = {Seventh {IEEE} International Conference on Software Testing, Verification
	and Validation, {ICST} 2014, March 31 2014-April 4, 2014, Cleveland,
	Ohio, {USA}},
	pages     = {21--30},
	year      = {2014},
	crossref  = {DBLP:conf/icst/2014},
	url       = {https://doi.org/10.1109/ICST.2014.13},
	doi       = {10.1109/ICST.2014.13},
	timestamp = {Wed, 24 May 2017 08:30:37 +0200},
	biburl    = {https://dblp.org/rec/bib/conf/icst/AmmannDO14},
	bibsource = {dblp computer science bibliography, https://dblp.org}
}

@article{bibliography.mutation.highorder.JiaH09,
	author    = {Yue Jia and
	Mark Harman},
	title     = {Higher Order Mutation Testing},
	journal   = {Information {\&} Software Technology},
	volume    = {51},
	number    = {10},
	pages     = {1379--1393},
	year      = {2009},
	url       = {https://doi.org/10.1016/j.infsof.2009.04.016},
	doi       = {10.1016/j.infsof.2009.04.016},
	timestamp = {Tue, 06 Jun 2017 22:17:06 +0200},
	biburl    = {https://dblp.org/rec/bib/journals/infsof/JiaH09},
	bibsource = {dblp computer science bibliography, https://dblp.org}
}

@article{bibliography.mutation.selection.Offutt96,
	author = {Offutt, A. Jefferson and Lee, Ammei and Rothermel, Gregg and Untch, Roland H. and Zapf, Christian},
	title = {An Experimental Determination of Sufficient Mutant Operators},
	journal = {ACM Trans. Softw. Eng. Methodol.},
	issue_date = {April 1996},
	volume = {5},
	number = {2},
	month = apr,
	year = {1996},
	issn = {1049-331X},
	pages = {99--118},
	numpages = {20},
	url = {http://doi.acm.org/10.1145/227607.227610},
	doi = {10.1145/227607.227610},
	acmid = {227610},
	publisher = {ACM},
	address = {New York, NY, USA},
}

@inproceedings{bibliography.mutation.selection.ASN2008,
	author    = {Akbar Siami Namin and
	James H. Andrews and
	Duncan J. Murdoch},
	title     = {Sufficient mutation operators for measuring test effectiveness},
	booktitle = {30th International Conference on Software Engineering {(ICSE} 2008),
	Leipzig, Germany, May 10-18, 2008},
	pages     = {351--360},
	year      = {2008},
	crossref  = {DBLP:conf/icse/2008},
	url       = {https://doi.org/10.1145/1368088.1368136},
	doi       = {10.1145/1368088.1368136},
	timestamp = {Tue, 06 Nov 2018 11:06:55 +0100},
	biburl    = {https://dblp.org/rec/bib/conf/icse/NaminAM08},
	bibsource = {dblp computer science bibliography, https://dblp.org}
}

@inproceedings{bibliography.mutation.highorder.Jia+08,
	author    = {Yue Jia and
	Mark Harman},
	title     = {Constructing Subtle Faults Using Higher Order Mutation Testing},
	booktitle = {Eighth {IEEE} International Working Conference on Source Code Analysis
	and Manipulation {(SCAM} 2008), 28-29 September 2008, Beijing, China},
	pages     = {249--258},
	year      = {2008},
	crossref  = {DBLP:conf/scam/2008},
	url       = {https://doi.org/10.1109/SCAM.2008.36},
	doi       = {10.1109/SCAM.2008.36},
	timestamp = {Mon, 05 Jun 2017 12:42:54 +0200},
	biburl    = {https://dblp.org/rec/bib/conf/scam/JiaH08},
	bibsource = {dblp computer science bibliography, https://dblp.org}
}

@article{bibliography.mutation.highorder.Jia+09,
	author    = {Yue Jia and
	Mark Harman},
	title     = {Higher Order Mutation Testing},
	journal   = {Information {\&} Software Technology},
	volume    = {51},
	number    = {10},
	pages     = {1379--1393},
	year      = {2009},
	url       = {https://doi.org/10.1016/j.infsof.2009.04.016},
	doi       = {10.1016/j.infsof.2009.04.016},
	timestamp = {Tue, 06 Jun 2017 22:17:06 +0200},
	biburl    = {https://dblp.org/rec/bib/journals/infsof/JiaH09},
	bibsource = {dblp computer science bibliography, https://dblp.org}
}

@inproceedings{bibliography.mutation.highorder.Harman+11,
	author    = {Mark Harman and
	Yue Jia and
	William B. Langdon},
	title     = {Strong higher order mutation-based test data generation},
	booktitle = {SIGSOFT/FSE'11 19th {ACM} {SIGSOFT} Symposium on the Foundations of
	Software Engineering {(FSE-19)} and ESEC'11: 13th European Software
	Engineering Conference (ESEC-13), Szeged, Hungary, September 5-9,
	2011},
	pages     = {212--222},
	year      = {2011},
	crossref  = {DBLP:conf/sigsoft/2011},
	url       = {https://doi.org/10.1145/2025113.2025144},
	doi       = {10.1145/2025113.2025144},
	timestamp = {Tue, 06 Nov 2018 16:59:22 +0100},
	biburl    = {https://dblp.org/rec/bib/conf/sigsoft/HarmanJL11},
	bibsource = {dblp computer science bibliography, https://dblp.org}
}

%EVALUATION, MUTATION, EQUIVALENT

@inproceedings{biblography.mutation.evaluation.equivalent.Schuler+10,
	author    = {David Schuler and
	Andreas Zeller},
	title     = {(Un-)Covering Equivalent Mutants},
	booktitle = {Third International Conference on Software Testing, Verification and
	Validation, {ICST} 2010, Paris, France, April 7-9, 2010},
	pages     = {45--54},
	year      = {2010},
	crossref  = {DBLP:conf/icst/2010},
	url       = {https://doi.org/10.1109/ICST.2010.30},
	doi       = {10.1109/ICST.2010.30},
	timestamp = {Wed, 24 May 2017 08:30:37 +0200},
	biburl    = {https://dblp.org/rec/bib/conf/icst/SchulerZ10},
	bibsource = {dblp computer science bibliography, https://dblp.org}
}

@article{biblography.mutation.evaluation.equivalent.Just+13,
	author    = {Ren{\'{e}} Just and
	Michael D. Ernst and
	Gordon Fraser},
	title     = {Using State Infection Conditions to Detect Equivalent Mutants and
	Speed up Mutation Analysis},
	journal   = {CoRR},
	volume    = {abs/1303.2784},
	year      = {2013},
	url       = {http://arxiv.org/abs/1303.2784},
	archivePrefix = {arXiv},
	eprint    = {1303.2784},
	timestamp = {Mon, 13 Aug 2018 16:49:02 +0200},
	biburl    = {https://dblp.org/rec/bib/journals/corr/abs-1303-2784},
	bibsource = {dblp computer science bibliography, https://dblp.org}
}

@inproceedings{biblography.mutation.evaluation.equivalent.Grun+09,
	author    = {Bernhard J. M. Gr{\"{u}}n and
	David Schuler and
	Andreas Zeller},
	title     = {The Impact of Equivalent Mutants},
	booktitle = {Second International Conference on Software Testing Verification and
	Validation, {ICST} 2009, Denver, Colorado, USA, April 1-4, 2009, Workshops
	Proceedings},
	pages     = {192--199},
	year      = {2009},
	crossref  = {DBLP:conf/icst/2009w},
	url       = {https://doi.org/10.1109/ICSTW.2009.37},
	doi       = {10.1109/ICSTW.2009.37},
	timestamp = {Wed, 24 May 2017 08:30:37 +0200},
	biburl    = {https://dblp.org/rec/bib/conf/icst/GrunSZ09},
	bibsource = {dblp computer science bibliography, https://dblp.org}
}

@article{biblography.mutation.evaluation.equivalent.Offutt2017,
	author    = {A. Jefferson Offutt and
	Jie Pan},
	title     = {Automatically Detecting Equivalent Mutants and Infeasible Paths},
	journal   = {Softw. Test., Verif. Reliab.},
	volume    = {7},
	number    = {3},
	pages     = {165--192},
	year      = {1997},
	url       = {https://doi.org/10.1002/(SICI)1099-1689(199709)7:3\<165::AID-STVR143\>3.0.CO;2-U},
	doi       = {10.1002/(SICI)1099-1689(199709)7:3\<165::AID-STVR143\>3.0.CO;2-U},
	timestamp = {Sun, 28 May 2017 13:23:53 +0200},
	biburl    = {https://dblp.org/rec/bib/journals/stvr/OffuttP97},
	bibsource = {dblp computer science bibliography, https://dblp.org}
}

@inproceedings{bibliography.mutation.evaluation.JustKA17,
	author    = {Ren{\'{e}} Just and
	Bob Kurtz and
	Paul Ammann},
	title     = {Inferring mutant utility from program context},
	booktitle = {Proceedings of the 26th {ACM} {SIGSOFT} International Symposium on
	Software Testing and Analysis, Santa Barbara, CA, USA, July 10 - 14,
	2017},
	pages     = {284--294},
	year      = {2017},
	crossref  = {DBLP:conf/issta/2017},
	url       = {https://doi.org/10.1145/3092703.3092732},
	doi       = {10.1145/3092703.3092732},
	timestamp = {Tue, 06 Nov 2018 16:57:30 +0100},
	biburl    = {https://dblp.org/rec/bib/conf/issta/JustKA17},
	bibsource = {dblp computer science bibliography, https://dblp.org}
}

@inproceedings{bibliography.mutation.evaluation.PapadakisHHJT16,
	author    = {Mike Papadakis and
	Christopher Henard and
	Mark Harman and
	Yue Jia and
	Yves Le Traon},
	title     = {Threats to the validity of mutation-based test assessment},
	booktitle = {Proceedings of the 25th International Symposium on Software Testing
	and Analysis, {ISSTA} 2016, Saarbr{\"{u}}cken, Germany, July
	18-20, 2016},
	pages     = {354--365},
	year      = {2016},
	crossref  = {DBLP:conf/issta/2016},
	url       = {https://doi.org/10.1145/2931037.2931040},
	doi       = {10.1145/2931037.2931040},
	timestamp = {Tue, 06 Nov 2018 16:57:30 +0100},
	biburl    = {https://dblp.org/rec/bib/conf/issta/PapadakisHHJT16},
	bibsource = {dblp computer science bibliography, https://dblp.org}
}

%MUTATION EVALUATION DIFFICULTY

@article{bibliography.mutation.evaluation.stubbornHieronsHD99,
	author    = {Robert M. Hierons and
	Mark Harman and
	Sebastian Danicic},
	title     = {Using Program Slicing to Assist in the Detection of Equivalent Mutants},
	journal   = {Softw. Test., Verif. Reliab.},
	volume    = {9},
	number    = {4},
	pages     = {233--262},
	year      = {1999},
	url       = {https://doi.org/10.1002/(SICI)1099-1689(199912)9:4\<233::AID-STVR191\>3.0.CO;2-3},
	doi       = {10.1002/(SICI)1099-1689(199912)9:4\<233::AID-STVR191\>3.0.CO;2-3},
	timestamp = {Sun, 28 May 2017 13:23:53 +0200},
	biburl    = {https://dblp.org/rec/bib/journals/stvr/HieronsHD99},
	bibsource = {dblp computer science bibliography, https://dblp.org}
}

%TESTING

@inproceedings{bibliography.testing.generation.EvoSuiteFraserA11,
	author    = {Gordon Fraser and
	Andrea Arcuri},
	title     = {EvoSuite: automatic test suite generation for object-oriented software},
	booktitle = {SIGSOFT/FSE'11 19th {ACM} {SIGSOFT} Symposium on the Foundations of
	Software Engineering {(FSE-19)} and ESEC'11: 13th European Software
	Engineering Conference (ESEC-13), Szeged, Hungary, September 5-9,
	2011},
	pages     = {416--419},
	year      = {2011},
	crossref  = {DBLP:conf/sigsoft/2011},
	url       = {https://doi.org/10.1145/2025113.2025179},
	doi       = {10.1145/2025113.2025179},
	timestamp = {Wed, 14 Nov 2018 10:59:39 +0100},
	biburl    = {https://dblp.org/rec/bib/conf/sigsoft/FraserA11},
	bibsource = {dblp computer science bibliography, https://dblp.org}
}

@inproceedings{bibliography.testing.generation.RandoopPachecoE07,
	author    = {Carlos Pacheco and
	Michael D. Ernst},
	title     = {Randoop: feedback-directed random testing for Java},
	booktitle = {Companion to the 22nd Annual {ACM} {SIGPLAN} Conference on Object-Oriented
	Programming, Systems, Languages, and Applications, {OOPSLA} 2007,
	October 21-25, 2007, Montreal, Quebec, Canada},
	pages     = {815--816},
	year      = {2007},
	crossref  = {DBLP:conf/oopsla/2007c},
	url       = {https://doi.org/10.1145/1297846.1297902},
	doi       = {10.1145/1297846.1297902},
	timestamp = {Tue, 06 Nov 2018 16:57:16 +0100},
	biburl    = {https://dblp.org/rec/bib/conf/oopsla/PachecoE07},
	bibsource = {dblp computer science bibliography, https://dblp.org}
}

@inproceedings{bibliography.testing.generation.KoratBoyapatiKM02,
	author    = {Chandrasekhar Boyapati and
	Sarfraz Khurshid and
	Darko Marinov},
	title     = {Korat: automated testing based on Java predicates},
	booktitle = {Proceedings of the International Symposium on Software Testing and
	Analysis, {ISSTA} 2002, Roma, Italy, July 22-24, 2002},
	pages     = {123--133},
	year      = {2002},
	crossref  = {DBLP:conf/issta/2002},
	url       = {https://doi.org/10.1145/566172.566191},
	doi       = {10.1145/566172.566191},
	timestamp = {Tue, 06 Nov 2018 16:57:30 +0100},
	biburl    = {https://dblp.org/rec/bib/conf/issta/BoyapatiKM02},
	bibsource = {dblp computer science bibliography, https://dblp.org}
}

@inproceedings{bibliography.formalver.TillmannH08,
	author    = {Nikolai Tillmann and
	Jonathan de Halleux},
	title     = {Pex-White Box Test Generation for .NET},
	booktitle = {Tests and Proofs, Second International Conference, {TAP} 2008, Prato,
	Italy, April 9-11, 2008. Proceedings},
	pages     = {134--153},
	year      = {2008},
	crossref  = {DBLP:conf/tap/2008},
	url       = {https://doi.org/10.1007/978-3-540-79124-9\_10},
	doi       = {10.1007/978-3-540-79124-9\_10},
	timestamp = {Fri, 02 Nov 2018 09:35:19 +0100},
	biburl    = {https://dblp.org/rec/bib/conf/tap/TillmannH08},
	bibsource = {dblp computer science bibliography, https://dblp.org}
}


%REPARACION

@article{bibliography.repair.benchmarks.GouesHSBDFW15,
	author    = {Claire {Le Goues} and
	Neal Holtschulte and
	Edward K. Smith and
	Yuriy Brun and
	Premkumar T. Devanbu and
	Stephanie Forrest and
	Westley Weimer},
	title     = {The ManyBugs and IntroClass Benchmarks for Automated Repair of {C}
	Programs},
	journal   = {{IEEE} Trans. Software Eng.},
	volume    = {41},
	number    = {12},
	pages     = {1236--1256},
	year      = {2015},
	url       = {https://doi.org/10.1109/TSE.2015.2454513},
	doi       = {10.1109/TSE.2015.2454513},
	timestamp = {Wed, 14 Nov 2018 10:49:21 +0100},
	biburl    = {https://dblp.org/rec/bib/journals/tse/GouesHSBDFW15},
	bibsource = {dblp computer science bibliography, https://dblp.org}
}

@inproceedings{bibliography.repair.mutation.AlloyWang18,
	author    = {Kaiyuan Wang and
	Allison Sullivan and
	Sarfraz Khurshid},
	title     = {Automated model repair for Alloy},
	booktitle = {Proceedings of the 33rd {ACM/IEEE} International Conference on Automated
	Software Engineering, {ASE} 2018, Montpellier, France, September 3-7,
	2018},
	pages     = {577--588},
	year      = {2018},
	crossref  = {DBLP:conf/kbse/2018},
	url       = {https://doi.org/10.1145/3238147.3238162},
	doi       = {10.1145/3238147.3238162},
	timestamp = {Wed, 21 Nov 2018 12:44:20 +0100},
	biburl    = {https://dblp.org/rec/bib/conf/kbse/WangSK18},
	bibsource = {dblp computer science bibliography, https://dblp.org}
}

@inproceedings{bibliography.repair.ArcuriY08,
	author    = {Andrea Arcuri and
	Xin Yao},
	title     = {A novel co-evolutionary approach to automatic software bug fixing},
	booktitle = {Proceedings of the {IEEE} Congress on Evolutionary Computation, {CEC}
	2008, June 1-6, 2008, Hong Kong, China},
	pages     = {162--168},
	year      = {2008},
	crossref  = {DBLP:conf/cec/2008},
	url       = {https://doi.org/10.1109/CEC.2008.4630793},
	doi       = {10.1109/CEC.2008.4630793},
	timestamp = {Wed, 14 Nov 2018 11:00:01 +0100},
	biburl    = {https://dblp.org/rec/bib/conf/cec/ArcuriY08},
	bibsource = {dblp computer science bibliography, https://dblp.org}
}

@article{bibliography.repair.GouesNFW12,
	author    = {Claire {Le Goues} and
	ThanhVu Nguyen and
	Stephanie Forrest and
	Westley Weimer},
	title     = {GenProg: {A} Generic Method for Automatic Software Repair},
	journal   = {{IEEE} Trans. Software Eng.},
	volume    = {38},
	number    = {1},
	pages     = {54--72},
	year      = {2012},
	url       = {https://doi.org/10.1109/TSE.2011.104},
	doi       = {10.1109/TSE.2011.104},
	timestamp = {Wed, 17 May 2017 10:56:36 +0200},
	biburl    = {https://dblp.org/rec/bib/journals/tse/GouesNFW12},
	bibsource = {dblp computer science bibliography, https://dblp.org}
}

@inproceedings{bibliography.repair.KimNSK13,
	author    = {Dongsun Kim and
	Jaechang Nam and
	Jaewoo Song and
	Sunghun Kim},
	title     = {Automatic patch generation learned from human-written patches},
	booktitle = {35th International Conference on Software Engineering, {ICSE} '13,
	San Francisco, CA, USA, May 18-26, 2013},
	pages     = {802--811},
	year      = {2013},
	crossref  = {DBLP:conf/icse/2013},
	url       = {https://doi.org/10.1109/ICSE.2013.6606626},
	doi       = {10.1109/ICSE.2013.6606626},
	timestamp = {Thu, 04 Oct 2018 19:11:24 +0200},
	biburl    = {https://dblp.org/rec/bib/conf/icse/KimNSK13},
	bibsource = {dblp computer science bibliography, https://dblp.org}
}

@inproceedings{bibliography.repair.GopinathMK11,
	author    = {Divya Gopinath and
	Muhammad Zubair Malik and
	Sarfraz Khurshid},
	title     = {Specification-Based Program Repair Using {SAT}},
	booktitle = {Tools and Algorithms for the Construction and Analysis of Systems
	- 17th International Conference, {TACAS} 2011, Held as Part of the
	Joint European Conferences on Theory and Practice of Software, {ETAPS}
	2011, Saarbr{\"{u}}cken, Germany, March 26-April 3, 2011. Proceedings},
	pages     = {173--188},
	year      = {2011},
	crossref  = {DBLP:conf/tacas/2011},
	url       = {https://doi.org/10.1007/978-3-642-19835-9\_15},
	doi       = {10.1007/978-3-642-19835-9\_15},
	timestamp = {Tue, 26 Jun 2018 14:11:58 +0200},
	biburl    = {https://dblp.org/rec/bib/conf/tacas/GopinathMK11},
	bibsource = {dblp computer science bibliography, https://dblp.org}
}

@inproceedings{bibliography.repair.StaberJB05,
	author    = {Stefan Staber and
	Barbara Jobstmann and
	Roderick Bloem},
	title     = {Finding and Fixing Faults},
	booktitle = {Correct Hardware Design and Verification Methods, 13th {IFIP} {WG}
	10.5 Advanced Research Working Conference, {CHARME} 2005, Saarbr{\"{u}}cken,
	Germany, October 3-6, 2005, Proceedings},
	pages     = {35--49},
	year      = {2005},
	crossref  = {DBLP:conf/charme/2005},
	url       = {https://doi.org/10.1007/11560548\_6},
	doi       = {10.1007/11560548\_6},
	timestamp = {Fri, 02 Nov 2018 09:46:24 +0100},
	biburl    = {https://dblp.org/rec/bib/conf/charme/StaberJB05},
	bibsource = {dblp computer science bibliography, https://dblp.org}
}

@inproceedings{bibliography.repair.LongR15,
	author    = {Fan Long and
	Martin Rinard},
	title     = {Staged program repair with condition synthesis},
	booktitle = {Proceedings of the 2015 10th Joint Meeting on Foundations of Software
	Engineering, {ESEC/FSE} 2015, Bergamo, Italy, August 30 - September
	4, 2015},
	pages     = {166--178},
	year      = {2015},
	crossref  = {DBLP:conf/sigsoft/2015},
	url       = {https://doi.org/10.1145/2786805.2786811},
	doi       = {10.1145/2786805.2786811},
	timestamp = {Wed, 14 Nov 2018 10:59:39 +0100},
	biburl    = {https://dblp.org/rec/bib/conf/sigsoft/LongR15},
	bibsource = {dblp computer science bibliography, https://dblp.org}
}

@inproceedings{bibliography.repair.ZeminBGCDRAF17,
	author    = {Luciano Zem{\'{\i}}n and
	Sim{\'{o}}n Guti{\'{e}}rrez Brida and
	Ariel Godio and
	C{\'{e}}sar Cornejo and
	Renzo Degiovanni and
	Germ{\'{a}}n Regis and
	Nazareno Aguirre and
	Marcelo F. Frias},
	title     = {An Analysis of the Suitability of Test-Based Patch Acceptance Criteria},
	booktitle = {10th {IEEE/ACM} International Workshop on Search-Based Software Testing,
	SBST@ICSE 2017, Buenos Aires, Argentina, May 22-23, 2017},
	pages     = {14--20},
	year      = {2017},
	crossref  = {DBLP:conf/icse/2017sbst},
	url       = {https://doi.org/10.1109/SBST.2017.12},
	doi       = {10.1109/SBST.2017.12},
	timestamp = {Wed, 16 Aug 2017 08:09:30 +0200},
	biburl    = {https://dblp.org/rec/bib/conf/icse/ZeminBGCDRAF17},
	bibsource = {dblp computer science bibliography, https://dblp.org}
}

@inproceedings{bibliography.repair.mutation.DebroyW10,
	author    = {Vidroha Debroy and
	W. Eric Wong},
	title     = {Using Mutation to Automatically Suggest Fixes for Faulty Programs},
	booktitle = {Third International Conference on Software Testing, Verification and
	Validation, {ICST} 2010, Paris, France, April 7-9, 2010},
	pages     = {65--74},
	year      = {2010},
	crossref  = {DBLP:conf/icst/2010},
	url       = {https://doi.org/10.1109/ICST.2010.66},
	doi       = {10.1109/ICST.2010.66},
	timestamp = {Wed, 24 May 2017 08:30:37 +0200},
	biburl    = {https://dblp.org/rec/bib/conf/icst/DebroyW10},
	bibsource = {dblp computer science bibliography, https://dblp.org}
}

%ALGEBRA RELACIONAL

@inproceedings{bibliography.algebraicExpressions.RexGenWang18,
	author    = {Kaiyuan Wang and
	Allison Sullivan and
	Manos Koukoutos and
	Darko Marinov and
	Sarfraz Khurshid},
	title     = {Systematic Generation of Non-equivalent Expressions for Relational
	Algebra},
	booktitle = {Abstract State Machines, Alloy, B, TLA, VDM, and {Z} - 6th International
	Conference, {ABZ} 2018, Southampton, UK, June 5-8, 2018, Proceedings},
	pages     = {105--120},
	year      = {2018},
	crossref  = {DBLP:conf/asm/2018},
	url       = {https://doi.org/10.1007/978-3-319-91271-4\_8},
	doi       = {10.1007/978-3-319-91271-4\_8},
	timestamp = {Mon, 14 May 2018 13:36:44 +0200},
	biburl    = {https://dblp.org/rec/bib/conf/asm/WangSKMK18},
	bibsource = {dblp computer science bibliography, https://dblp.org}
}

@inproceedings{bibliography.algebraicExpressions.AlloySketchingWangSMK18,
	author    = {Kaiyuan Wang and
	Allison Sullivan and
	Darko Marinov and
	Sarfraz Khurshid},
	title     = {Solver-Based Sketching of Alloy Models Using Test Valuations},
	booktitle = {Abstract State Machines, Alloy, B, TLA, VDM, and {Z} - 6th International
	Conference, {ABZ} 2018, Southampton, UK, June 5-8, 2018, Proceedings},
	pages     = {121--136},
	year      = {2018},
	crossref  = {DBLP:conf/asm/2018},
	url       = {https://doi.org/10.1007/978-3-319-91271-4\_9},
	doi       = {10.1007/978-3-319-91271-4\_9},
	timestamp = {Mon, 14 May 2018 13:36:44 +0200},
	biburl    = {https://dblp.org/rec/bib/conf/asm/WangSMK18},
	bibsource = {dblp computer science bibliography, https://dblp.org}
}

%GENERACION AUTOMATICA DE ENTRADAS
@inproceedings{bibliography.inputGeneration.korat.BoyapatiKM02,
	author    = {Chandrasekhar Boyapati and
	Sarfraz Khurshid and
	Darko Marinov},
	title     = {Korat: automated testing based on Java predicates},
	booktitle = {Proceedings of the International Symposium on Software Testing and
	Analysis, {ISSTA} 2002, Roma, Italy, July 22-24, 2002},
	pages     = {123--133},
	year      = {2002},
	crossref  = {DBLP:conf/issta/2002},
	url       = {https://doi.org/10.1145/566172.566191},
	doi       = {10.1145/566172.566191},
	timestamp = {Tue, 06 Nov 2018 16:57:30 +0100},
	biburl    = {https://dblp.org/rec/bib/conf/issta/BoyapatiKM02},
	bibsource = {dblp computer science bibliography, https://dblp.org}
}

%LIBROS

@book{bibliography.books.AmmannOffutt,
	author = {Ammann, Paul and Offutt, Jeff},
	title = {Introduction to Software Testing},
	year = {2016},
	isbn = {1107172012, 9781107172012},
	edition = {2nd},
	publisher = {Cambridge University Press},
	address = {New York, NY, USA},
}

@book{bibliography.books.GhezziBook,
	author    = {Carlo Ghezzi and
	Mehdi Jazayeri and
	Dino Mandrioli},
	title     = {Fundamentals of software engineering},
	publisher = {Prentice Hall},
	year      = {1991},
	isbn      = {978-0-13-818204-5},
	timestamp = {Fri, 08 Apr 2011 18:20:57 +0200},
	biburl    = {https://dblp.org/rec/bib/books/daglib/0067100},
	bibsource = {dblp computer science bibliography, https://dblp.org}
}

@book{bibliography.books.PressmanBook,
	author = {Pressman, Roger S.},
	title = {Software Engineering: A Practitioner's Approach},
	year = {2001},
	isbn = {0072496681},
	edition = {5th},
	publisher = {McGraw-Hill Higher Education},
} 

@book{bibliography.books.JaloteBook,
	author = {Jalote, Pankaj},
	title = {An  Integrated Approach to Software Engineering},
	year = {1997},
	isbn = {0387948996},
	edition = {2nd},
	publisher = {Springer-Verlag},
	address = {Berlin, Heidelberg},
}

@book{bibliography.books.SoftwareAbstractions-alloy,
	author    = {Daniel Jackson},
	title     = {Software Abstractions - Logic, Language, and Analysis},
	publisher = {{MIT} Press},
	year      = {2006},
	url       = {http://mitpress.mit.edu/catalog/item/default.asp?ttype=2\&tid=10928},
	isbn      = {978-0-262-10114-1},
	timestamp = {Thu, 18 May 2017 14:28:30 +0200},
	biburl    = {https://dblp.org/rec/bib/books/daglib/0024034},
	bibsource = {dblp computer science bibliography, https://dblp.org}
}

%CONFERENCIAS

@proceedings{DBLP:conf/pldi/1987,
	editor    = {Richard L. Wexelblat},
	title     = {Proceedings of the Symposium on Interpreters and Interpretive Techniques,
	1987, St. Paul, Minnesota, USA, June 24 - 26, 1987},
	publisher = {{ACM}},
	year      = {1987},
	url       = {http://dl.acm.org/citation.cfm?id=29650},
	isbn      = {0-89791-235-7},
	timestamp = {Mon, 21 May 2012 16:19:51 +0200},
	biburl    = {https://dblp.org/rec/bib/conf/pldi/1987},
	bibsource = {dblp computer science bibliography, https://dblp.org}
}

@proceedings{DBLP:conf/issta/1989,
	editor    = {Richard A. Kemmerer},
	title     = {Proceedings of the {ACM} {SIGSOFT} '89 Third Symposium on Testing,
	Analysis, and Verification, {TAV} 1989, Key West, Florida, USA, December
	13-15, 1989},
	publisher = {{ACM}},
	year      = {1989},
	url       = {https://doi.org/10.1145/75308},
	doi       = {10.1145/75308},
	isbn      = {0-89791-342-6},
	timestamp = {Tue, 06 Nov 2018 16:57:30 +0100},
	biburl    = {https://dblp.org/rec/bib/conf/issta/1989},
	bibsource = {dblp computer science bibliography, https://dblp.org}
}

@proceedings{DBLP:conf/issre/2002,
	title     = {13th International Symposium on Software Reliability Engineering {(ISSRE}
	2002), 12-15 November 2002, Annapolis, MD, {USA}},
	publisher = {{IEEE} Computer Society},
	year      = {2002},
	url       = {http://ieeexplore.ieee.org/xpl/mostRecentIssue.jsp?punumber=8378},
	isbn      = {0-7695-1763-3},
	timestamp = {Tue, 28 Apr 2015 17:32:18 +0200},
	biburl    = {https://dblp.org/rec/bib/conf/issre/2002},
	bibsource = {dblp computer science bibliography, https://dblp.org}
}

@proceedings{DBLP:conf/issta/2002,
	editor    = {Phyllis G. Frankl},
	title     = {Proceedings of the International Symposium on Software Testing and
	Analysis, {ISSTA} 2002, Roma, Italy, July 22-24, 2002},
	publisher = {{ACM}},
	year      = {2002},
	url       = {https://doi.org/10.1145/566172},
	doi       = {10.1145/566172},
	isbn      = {1-58113-562-9},
	timestamp = {Tue, 06 Nov 2018 16:57:30 +0100},
	biburl    = {https://dblp.org/rec/bib/conf/issta/2002},
	bibsource = {dblp computer science bibliography, https://dblp.org}
}

@proceedings{DBLP:conf/fmco/2002,
	editor    = {Frank S. de Boer and
	Marcello M. Bonsangue and
	Susanne Graf and
	Willem P. de Roever},
	title     = {Formal Methods for Components and Objects, First International Symposium,
	{FMCO} 2002, Leiden, The Netherlands, November 5-8, 2002, Revised
	Lectures},
	series    = {Lecture Notes in Computer Science},
	volume    = {2852},
	publisher = {Springer},
	year      = {2003},
	url       = {https://doi.org/10.1007/b14033},
	doi       = {10.1007/b14033},
	isbn      = {3-540-20303-6},
	timestamp = {Mon, 29 May 2017 16:53:44 +0200},
	biburl    = {https://dblp.org/rec/bib/conf/fmco/2002},
	bibsource = {dblp computer science bibliography, https://dblp.org}
}

@proceedings{DBLP:conf/icse/2005,
	editor    = {Gruia{-}Catalin Roman and
	William G. Griswold and
	Bashar Nuseibeh},
	title     = {27th International Conference on Software Engineering {(ICSE} 2005),
	15-21 May 2005, St. Louis, Missouri, {USA}},
	publisher = {{ACM}},
	year      = {2005},
	url       = {https://doi.org/10.1145/1062455},
	doi       = {10.1145/1062455},
	timestamp = {Tue, 06 Nov 2018 11:06:54 +0100},
	biburl    = {https://dblp.org/rec/bib/conf/icse/2005},
	bibsource = {dblp computer science bibliography, https://dblp.org}
}

@proceedings{DBLP:conf/charme/2005,
	editor    = {Dominique Borrione and
	Wolfgang J. Paul},
	title     = {Correct Hardware Design and Verification Methods, 13th {IFIP} {WG}
	10.5 Advanced Research Working Conference, {CHARME} 2005, Saarbr{\"{u}}cken,
	Germany, October 3-6, 2005, Proceedings},
	series    = {Lecture Notes in Computer Science},
	volume    = {3725},
	publisher = {Springer},
	year      = {2005},
	url       = {https://doi.org/10.1007/11560548},
	doi       = {10.1007/11560548},
	isbn      = {3-540-29105-9},
	timestamp = {Tue, 30 May 2017 16:36:52 +0200},
	biburl    = {https://dblp.org/rec/bib/conf/charme/2005},
	bibsource = {dblp computer science bibliography, https://dblp.org}
}

@proceedings{DBLP:conf/oopsla/2007c,
	editor    = {Richard P. Gabriel and
	David F. Bacon and
	Cristina Videira Lopes and
	Guy L. Steele Jr.},
	title     = {Companion to the 22nd Annual {ACM} {SIGPLAN} Conference on Object-Oriented
	Programming, Systems, Languages, and Applications, {OOPSLA} 2007,
	October 21-25, 2007, Montreal, Quebec, Canada},
	publisher = {{ACM}},
	year      = {2007},
	isbn      = {978-1-59593-865-7},
	timestamp = {Fri, 26 Oct 2007 14:29:11 +0200},
	biburl    = {https://dblp.org/rec/bib/conf/oopsla/2007c},
	bibsource = {dblp computer science bibliography, https://dblp.org}
}

@proceedings{DBLP:conf/tap/2008,
	editor    = {Bernhard Beckert and
	Reiner H{\"{a}}hnle},
	title     = {Tests and Proofs, Second International Conference, {TAP} 2008, Prato,
	Italy, April 9-11, 2008. Proceedings},
	series    = {Lecture Notes in Computer Science},
	volume    = {4966},
	publisher = {Springer},
	year      = {2008},
	url       = {https://doi.org/10.1007/978-3-540-79124-9},
	doi       = {10.1007/978-3-540-79124-9},
	isbn      = {978-3-540-79123-2},
	timestamp = {Fri, 02 Nov 2018 09:35:19 +0100},
	biburl    = {https://dblp.org/rec/bib/conf/tap/2008},
	bibsource = {dblp computer science bibliography, https://dblp.org}
}

@proceedings{DBLP:conf/cec/2008,
	title     = {Proceedings of the {IEEE} Congress on Evolutionary Computation, {CEC}
	2008, June 1-6, 2008, Hong Kong, China},
	publisher = {{IEEE}},
	year      = {2008},
	timestamp = {Fri, 27 Feb 2009 13:29:48 +0100},
	biburl    = {https://dblp.org/rec/bib/conf/cec/2008},
	bibsource = {dblp computer science bibliography, https://dblp.org}
}

@proceedings{DBLP:conf/icse/2008,
	editor    = {Wilhelm Sch{\"{a}}fer and
	Matthew B. Dwyer and
	Volker Gruhn},
	title     = {30th International Conference on Software Engineering {(ICSE} 2008),
	Leipzig, Germany, May 10-18, 2008},
	publisher = {{ACM}},
	year      = {2008},
	isbn      = {978-1-60558-079-1},
	timestamp = {Tue, 23 Sep 2008 09:00:49 +0200},
	biburl    = {https://dblp.org/rec/bib/conf/icse/2008},
	bibsource = {dblp computer science bibliography, https://dblp.org}
}

@proceedings{DBLP:conf/scam/2008,
	title     = {Eighth {IEEE} International Working Conference on Source Code Analysis
	and Manipulation {(SCAM} 2008), 28-29 September 2008, Beijing, China},
	publisher = {{IEEE} Computer Society},
	year      = {2008},
	url       = {http://ieeexplore.ieee.org/xpl/mostRecentIssue.jsp?punumber=4637522},
	isbn      = {978-0-7695-3353-7},
	timestamp = {Wed, 15 Apr 2015 18:38:13 +0200},
	biburl    = {https://dblp.org/rec/bib/conf/scam/2008},
	bibsource = {dblp computer science bibliography, https://dblp.org}
}

@proceedings{DBLP:conf/icst/2009w,
	title     = {Second International Conference on Software Testing Verification and
	Validation, {ICST} 2009, Denver, Colorado, USA, April 1-4, 2009, Workshops
	Proceedings},
	publisher = {{IEEE} Computer Society},
	year      = {2009},
	url       = {http://ieeexplore.ieee.org/xpl/mostRecentIssue.jsp?punumber=4976356},
	isbn      = {978-0-7695-3671-2},
	timestamp = {Mon, 11 May 2015 16:37:25 +0200},
	biburl    = {https://dblp.org/rec/bib/conf/icst/2009w},
	bibsource = {dblp computer science bibliography, https://dblp.org}
}

@proceedings{DBLP:conf/icst/2010,
	title     = {Third International Conference on Software Testing, Verification and
	Validation, {ICST} 2010, Paris, France, April 7-9, 2010},
	publisher = {{IEEE} Computer Society},
	year      = {2010},
	url       = {http://ieeexplore.ieee.org/xpl/mostRecentIssue.jsp?punumber=5477032},
	isbn      = {978-0-7695-3990-4},
	timestamp = {Mon, 11 May 2015 16:37:25 +0200},
	biburl    = {https://dblp.org/rec/bib/conf/icst/2010},
	bibsource = {dblp computer science bibliography, https://dblp.org}
}

@proceedings{DBLP:conf/sigsoft/2011,
	editor    = {Tibor Gyim{\'{o}}thy and
	Andreas Zeller},
	title     = {SIGSOFT/FSE'11 19th {ACM} {SIGSOFT} Symposium on the Foundations of
	Software Engineering {(FSE-19)} and ESEC'11: 13th European Software
	Engineering Conference (ESEC-13), Szeged, Hungary, September 5-9,
	2011},
	publisher = {{ACM}},
	year      = {2011},
	url       = {https://doi.org/10.1145/2025113},
	doi       = {10.1145/2025113},
	isbn      = {978-1-4503-0443-6},
	timestamp = {Thu, 25 May 2017 00:43:00 +0200},
	biburl    = {https://dblp.org/rec/bib/conf/sigsoft/2011},
	bibsource = {dblp computer science bibliography, https://dblp.org}
}

@proceedings{DBLP:conf/tacas/2011,
	editor    = {Parosh Aziz Abdulla and
	K. Rustan M. Leino},
	title     = {Tools and Algorithms for the Construction and Analysis of Systems
	- 17th International Conference, {TACAS} 2011, Held as Part of the
	Joint European Conferences on Theory and Practice of Software, {ETAPS}
	2011, Saarbr{\"{u}}cken, Germany, March 26-April 3, 2011. Proceedings},
	series    = {Lecture Notes in Computer Science},
	volume    = {6605},
	publisher = {Springer},
	year      = {2011},
	url       = {https://doi.org/10.1007/978-3-642-19835-9},
	doi       = {10.1007/978-3-642-19835-9},
	isbn      = {978-3-642-19834-2},
	timestamp = {Wed, 24 May 2017 08:28:32 +0200},
	biburl    = {https://dblp.org/rec/bib/conf/tacas/2011},
	bibsource = {dblp computer science bibliography, https://dblp.org}
}

@proceedings{DBLP:conf/icse/2013,
	editor    = {David Notkin and
	Betty H. C. Cheng and
	Klaus Pohl},
	title     = {35th International Conference on Software Engineering, {ICSE} '13,
	San Francisco, CA, USA, May 18-26, 2013},
	publisher = {{IEEE} Computer Society},
	year      = {2013},
	url       = {http://ieeexplore.ieee.org/xpl/mostRecentIssue.jsp?punumber=6596173},
	isbn      = {978-1-4673-3076-3},
	timestamp = {Tue, 03 May 2016 16:08:51 +0200},
	biburl    = {https://dblp.org/rec/bib/conf/icse/2013},
	bibsource = {dblp computer science bibliography, https://dblp.org}
}

@proceedings{DBLP:conf/icse/2014,
	editor    = {Pankaj Jalote and
	Lionel C. Briand and
	Andr{\'{e}} van der Hoek},
	title     = {36th International Conference on Software Engineering, {ICSE} '14,
	Hyderabad, India - May 31 - June 07, 2014},
	publisher = {{ACM}},
	year      = {2014},
	url       = {http://dl.acm.org/citation.cfm?id=2568225},
	isbn      = {978-1-4503-2756-5},
	timestamp = {Sun, 18 May 2014 16:02:06 +0200},
	biburl    = {https://dblp.org/rec/bib/conf/icse/2014},
	bibsource = {dblp computer science bibliography, https://dblp.org}
}

@proceedings{DBLP:conf/sigsoft/2014,
	editor    = {Shing{-}Chi Cheung and
	Alessandro Orso and
	Margaret{-}Anne D. Storey},
	title     = {Proceedings of the 22nd {ACM} {SIGSOFT} International Symposium on
	Foundations of Software Engineering, (FSE-22), Hong Kong, China, November
	16 - 22, 2014},
	publisher = {{ACM}},
	year      = {2014},
	url       = {http://dl.acm.org/citation.cfm?id=2635868},
	isbn      = {978-1-4503-3056-5},
	timestamp = {Fri, 07 Nov 2014 12:46:29 +0100},
	biburl    = {https://dblp.org/rec/bib/conf/sigsoft/2014},
	bibsource = {dblp computer science bibliography, https://dblp.org}
}

@proceedings{DBLP:conf/icst/2014,
	title     = {Seventh {IEEE} International Conference on Software Testing, Verification
	and Validation, {ICST} 2014, March 31 2014-April 4, 2014, Cleveland,
	Ohio, {USA}},
	publisher = {{IEEE} Computer Society},
	year      = {2014},
	url       = {http://ieeexplore.ieee.org/xpl/mostRecentIssue.jsp?punumber=6823818},
	isbn      = {978-0-7695-5185-2},
	timestamp = {Wed, 29 Mar 2017 16:45:26 +0200},
	biburl    = {https://dblp.org/rec/bib/conf/icst/2014},
	bibsource = {dblp computer science bibliography, https://dblp.org}
}

@proceedings{DBLP:conf/sigsoft/2015,
	editor    = {Elisabetta Di Nitto and
	Mark Harman and
	Patrick Heymans},
	title     = {Proceedings of the 2015 10th Joint Meeting on Foundations of Software
	Engineering, {ESEC/FSE} 2015, Bergamo, Italy, August 30 - September
	4, 2015},
	publisher = {{ACM}},
	year      = {2015},
	url       = {https://doi.org/10.1145/2786805},
	doi       = {10.1145/2786805},
	isbn      = {978-1-4503-3675-8},
	timestamp = {Tue, 06 Nov 2018 16:59:22 +0100},
	biburl    = {https://dblp.org/rec/bib/conf/sigsoft/2015},
	bibsource = {dblp computer science bibliography, https://dblp.org}
}

@proceedings{DBLP:conf/kbse/2016,
	editor    = {David Lo and
	Sven Apel and
	Sarfraz Khurshid},
	title     = {Proceedings of the 31st {IEEE/ACM} International Conference on Automated
	Software Engineering, {ASE} 2016, Singapore, September 3-7, 2016},
	publisher = {{ACM}},
	year      = {2016},
	url       = {https://doi.org/10.1145/2970276},
	doi       = {10.1145/2970276},
	isbn      = {978-1-4503-3845-5},
	timestamp = {Tue, 06 Nov 2018 16:58:23 +0100},
	biburl    = {https://dblp.org/rec/bib/conf/kbse/2016},
	bibsource = {dblp computer science bibliography, https://dblp.org}
}

@proceedings{DBLP:conf/issta/2016,
	editor    = {Andreas Zeller and
	Abhik Roychoudhury},
	title     = {Proceedings of the 25th International Symposium on Software Testing
	and Analysis, {ISSTA} 2016, Saarbr{\"{u}}cken, Germany, July
	18-20, 2016},
	publisher = {{ACM}},
	year      = {2016},
	url       = {https://doi.org/10.1145/2931037},
	doi       = {10.1145/2931037},
	isbn      = {978-1-4503-4390-9},
	timestamp = {Tue, 06 Nov 2018 16:57:30 +0100},
	biburl    = {https://dblp.org/rec/bib/conf/issta/2016},
	bibsource = {dblp computer science bibliography, https://dblp.org}
}

@proceedings{DBLP:conf/icst/2016w,
	title     = {Ninth {IEEE} International Conference on Software Testing, Verification
	and Validation Workshops, {ICST} Workshops 2016, Chicago, IL, USA,
	April 11-15, 2016},
	publisher = {{IEEE} Computer Society},
	year      = {2016},
	url       = {http://ieeexplore.ieee.org/xpl/mostRecentIssue.jsp?punumber=7517740},
	isbn      = {978-1-5090-3674-5},
	timestamp = {Fri, 05 Aug 2016 13:02:18 +0200},
	biburl    = {https://dblp.org/rec/bib/conf/icst/2016w},
	bibsource = {dblp computer science bibliography, https://dblp.org}
}

@proceedings{DBLP:conf/issta/2017,
	editor    = {Tevfik Bultan and
	Koushik Sen},
	title     = {Proceedings of the 26th {ACM} {SIGSOFT} International Symposium on
	Software Testing and Analysis, Santa Barbara, CA, USA, July 10 - 14,
	2017},
	publisher = {{ACM}},
	year      = {2017},
	url       = {https://doi.org/10.1145/3092703},
	doi       = {10.1145/3092703},
	isbn      = {978-1-4503-5076-1},
	timestamp = {Tue, 06 Nov 2018 16:57:30 +0100},
	biburl    = {https://dblp.org/rec/bib/conf/issta/2017},
	bibsource = {dblp computer science bibliography, https://dblp.org}
}

@proceedings{DBLP:conf/icse/2017sbst,
	title     = {10th {IEEE/ACM} International Workshop on Search-Based Software Testing,
	SBST@ICSE 2017, Buenos Aires, Argentina, May 22-23, 2017},
	publisher = {{IEEE}},
	year      = {2017},
	url       = {http://ieeexplore.ieee.org/xpl/mostRecentIssue.jsp?punumber=7965805},
	isbn      = {978-1-5386-2789-1},
	timestamp = {Mon, 17 Jul 2017 18:15:45 +0200},
	biburl    = {https://dblp.org/rec/bib/conf/icse/2017sbst},
	bibsource = {dblp computer science bibliography, https://dblp.org}
}

@proceedings{DBLP:conf/clei/2017,
	editor    = {H{\'{e}}ctor Monteverde and
	Rodrigo Santos},
	title     = {2017 {XLIII} Latin American Computer Conference, {CLEI} 2017, C{\'{o}}rdoba,
	Argentina, September 4-8, 2017},
	publisher = {{IEEE}},
	year      = {2017},
	url       = {http://ieeexplore.ieee.org/xpl/mostRecentIssue.jsp?punumber=8171462},
	isbn      = {978-1-5386-3057-0},
	timestamp = {Sat, 30 Dec 2017 17:42:13 +0100},
	biburl    = {https://dblp.org/rec/bib/conf/clei/2017},
	bibsource = {dblp computer science bibliography, https://dblp.org}
}

@proceedings{DBLP:conf/kbse/2018,
	editor    = {Marianne Huchard and
	Christian K{\"{a}}stner and
	Gordon Fraser},
	title     = {Proceedings of the 33rd {ACM/IEEE} International Conference on Automated
	Software Engineering, {ASE} 2018, Montpellier, France, September 3-7,
	2018},
	publisher = {{ACM}},
	year      = {2018},
	url       = {https://doi.org/10.1145/3238147},
	doi       = {10.1145/3238147},
	timestamp = {Wed, 21 Nov 2018 12:44:20 +0100},
	biburl    = {https://dblp.org/rec/bib/conf/kbse/2018},
	bibsource = {dblp computer science bibliography, https://dblp.org}
}

@proceedings{DBLP:conf/asm/2018,
	editor    = {Michael J. Butler and
	Alexander Raschke and
	Thai Son Hoang and
	Klaus Reichl},
	title     = {Abstract State Machines, Alloy, B, TLA, VDM, and {Z} - 6th International
	Conference, {ABZ} 2018, Southampton, UK, June 5-8, 2018, Proceedings},
	series    = {Lecture Notes in Computer Science},
	volume    = {10817},
	publisher = {Springer},
	year      = {2018},
	url       = {https://doi.org/10.1007/978-3-319-91271-4},
	doi       = {10.1007/978-3-319-91271-4},
	isbn      = {978-3-319-91270-7},
	timestamp = {Mon, 14 May 2018 13:34:36 +0200},
	biburl    = {https://dblp.org/rec/bib/conf/asm/2018},
	bibsource = {dblp computer science bibliography, https://dblp.org}
}

@article{DBLP:journals/cacm/Harman10,
    author    = {Mark Harman},
    title     = {Automated patching techniques: the fix is in: technical perspective},
    journal   = {Commun. {ACM}},
    volume    = {53},
    number    = {5},
    pages     = {108},
    year      = {2010},
    url       = {https://doi.org/10.1145/1735223.1735248},
    doi       = {10.1145/1735223.1735248},
    timestamp = {Wed, 14 Nov 2018 10:22:36 +0100},
    biburl    = {https://dblp.org/rec/bib/journals/cacm/Harman10},
    bibsource = {dblp computer science bibliography, https://dblp.org}
}

@book{DBLP:series/txcs/Jalote05,
    author    = {Pankaj Jalote},
    title     = {An Integrated Approach to Software Engineering},
    series    = {Texts in Computer Science},
    publisher = {Springer},
    year      = {2005},
    url       = {https://doi.org/10.1007/0-387-28132-0},
    doi       = {10.1007/0-387-28132-0},
    isbn      = {978-0-387-20881-7},
    timestamp = {Tue, 16 May 2017 14:24:38 +0200},
    biburl    = {https://dblp.org/rec/bib/series/txcs/Jalote05},
    bibsource = {dblp computer science bibliography, https://dblp.org}
}

@incollection{Dijkstra:1972:CIN:1243380.1243381,
     author = {Dijkstra, Edsger W.},
     chapter = {Chapter I: Notes on Structured Programming},
     title = {Structured Programming},
     editor = {Dahl, O. J. and Dijkstra, E. W. and Hoare, C. A. R.},
     year = {1972},
     isbn = {0-12-200550-3},
     pages = {1--82},
     numpages = {82},
     url = {http://dl.acm.org/citation.cfm?id=1243380.1243381},
     acmid = {1243381},
     publisher = {Academic Press Ltd.},
     address = {London, UK, UK},
} 
